@article{hernandez2006,
  author       = {Hernández Encinas, L. and Hoya White, S. and Martín del Rey, A. and Rodríguez Sánchez, G.},
  title        = {Modelling forest fire spread using hexagonal cellular automata},
  journaltitle = {Applied Mathematical Modelling},
  year         = {2007},
  volume       = {31},
  number       = {6},
  pages        = {1213--1227},
  doi          = {10.1016/j.apm.2006.04.001},
  url          = {https://doi.org/10.1016/j.apm.2006.04.001}
}

@article{ioannis1996,
  author       = {Karafyllidis, I. and Thanailakis, A.},
  title        = {A model for predicting forest fire spreading using cellular automata},
  journaltitle = {Ecological modeling},
  year         = {1997},
  volume       = {99},
  number       = {1},
  pages        = {87--97},
  doi          = {10.1016/s0304-3800(96)01942-4},
  url          = {https://doi.org/10.1016/s0304-3800(96)01942-4}
}

@article{alexandridis2008,
  author       = {Alexandridis, A. and Vakalis, D. and Siettos, C. I. and Bafas, G. V.},
  title        = {A cellular automata model for forest fire spread prediction: The case of the wildfire that swept through Spetses Island in 1990},
  journaltitle = {Applied Mathematics and Computationg},
  year         = {2008},
  volume       = {204},
  number       = {1},
  pages        = {191--201},
  doi          = {10.1016/j.amc.2008.06.046},
  url          = {https://doi.org/10.1016/j.amc.2008.06.046}
}

@article{berjak2001,
  author       = {Berjak, S. G. and Hearne, J. W.},
  title        = {An improved cellular automaton model for simulating fire in a spatially heterogeneous Savanna system},
  journaltitle = {Ecological Modelling},
  year         = {2002},
  volume       = {148},
  number       = {2},
  pages        = {133--151},
  doi          = {10.1016/s0304-3800(01)00423-9},
  url          = {https://doi.org/10.1016/s0304-3800(01)00423-9}
}

@article{drossel1992,
  author       = {B. Drossel and F. Schwabl},
  title        = {Self-Organized Critical Forest-Fire Model},
  journaltitle = {Physical Review Letters},
  year         = {1992},
  volume       = {69},
  number       = {11},
  pages        = {1629--1632},
  doi          = {10.1103/physrevlett.69.1629},
  url          = {https://doi.org/10.1103/physrevlett.69.1629}
}

@article{ghisu2015,
  author       = {Ghisu, T. and Arca, B. and Pellizzaro, G. and Duce, P.},
  title        = {An optimal Cellular Automata algorithm for simulating wildfire spread},
  journaltitle = {Environmental Modelling & Software},
  year         = {2015},
  volume       = {71},
  pages        = {1--14},
  doi          = {10.1016/j.envsoft.2015.05.001},
  url          = {https://doi.org/10.1016/j.envsoft.2015.05.001}
}

@article{mutthulakshmia2020,
  author       = {Mutthulakshmi, K. and Wee, M. R. E. and Wong, Y. C. K. and Lai, J. W. and Koh, J. M. and Acharya, U. R. and Cheong, K. H.},
  title        = {Simulating forest fire spread and fire-fighting using cellular automata},
  journaltitle = {Chinese Journal of Physicse},
  year         = {2020},
  volume       = {65},
  pages        = {642--650},
  doi          = {10.1016/j.cjph.2020.04.001},
  url          = {https://doi.org/10.1016/j.cjph.2020.04.001}
}

@article{freire2019,
  author       = {Freire, J. G. and DaCamara, C. C.},
  title        = {Using cellular automata to simulate wildfire propagation and to assist in fire management},
  journaltitle = {Natural Hazards and Earth System Sciences},
  year         = {2019},
  volume       = {19},
  number       = {1},
  pages        = {169--179},
  doi          = {10.5194/nhess-19-169-2019},
  url          = {https://doi.org/10.5194/nhess-19-169-2019}
}

@article{encinas2006,
  author       = {Hernández Encinas, A. and Hernández Encinas, L. and Hoya White, S. and Martín del Rey, A. and Rodríguez Sánchez, G.},
  title        = {Simulation of forest fire fronts using cellular automata},
  journaltitle = {Advances in Engineering Software},
  year         = {2007},
  volume       = {38},
  number       = {6},
  pages        = {372--378},
  doi          = {10.1016/j.advengsoft.2006.09.002},
  url          = {https://doi.org/10.1016/j.advengsoft.2006.09.002}
}

@online{gitrepo,
  title        = {Project git repository},
  year         = {2023},
  url          = {https://github.com/Gladys11-cloud/Simulation_Feu_de_Foret},
  urldate      = {2023-05-29},
}

@book{wuensche2000cellular,
  author    = {Andrew Wuensche and Michael Lesser},
  title     = {Cellular Automata: A Discrete View of the World},
  year      = {2000},
  publisher = {John Wiley \& Sons},
}

@article{franceschini2020cellular,
  author    = {Franceschini, G. and et al.},
  title     = {Cellular Automata Models of Fire Spread},
  journal   = {International Journal of Wildland Fire},
  year      = {2020},
}

@book{gantt1916work,
  author    = {Henry Laurence Gantt},
  title     = {Work, Wages and Profits},
  year      = {1916},
  publisher = {Engineering Magazine Co.},
}

@book{lesikar2003basic,
  author    = {Lesikar, R. V. and Flatley, M. E.},
  title     = {Basic Business Communication: Skills For Empowering the Internet Generation},
  year      = {2001},
  publisher = {McGraw Hill},
}

@online{omg-uml,
  author       = {{Object Management Group}},
  title        = {{Unified Modeling Language™ (UML®) - OMG}},
  year         = {consulté en 2023},
  url          = {https://www.omg.org/spec/UML/2.5.1/},
  urldate      = {2023-05-15},
}

@book{chacon2014pro,
  author    = {Chacon, S. and Straub, B.},
  title     = {Pro Git},
  year      = {2014},
  edition   = {2nd ed.},
  publisher = {Apress},
}